<?xml version="1.0" encoding="UTF-8"?><collection xmlns="http://www.loc.gov/MARC21/slim"><record><leader>00321nam--2200109-i-4500</leader><controlfield tag="001">000048581</controlfield><controlfield tag="002">20161230</controlfield><controlfield tag="005">20161230201047</controlfield><controlfield tag="008">060222s1000------------r-----000-0-eng-d</controlfield><datafield ind1=" " ind2=" " tag="245"><subfield code="a">Radiation: a tool for industry. a survey of current technology</subfield></datafield><datafield ind1=" " ind2=" " tag="260"><subfield code="a">Washington, U.S.Atomic Energy Commis., 1959, Xxii+392p</subfield></datafield><datafield ind1=" " ind2=" " tag="852"><subfield code="a">16644</subfield></datafield></record></collection>